%! Author = itshu
%! Date = 10/11/24

