%! Author = itshu
%! Date = 10/7/24

