%! Author = itshu
%! Date = 10/19/24

